<record><leader>00000cas a22000007a 4500</leader><controlfield tag="001">19081531</controlfield><controlfield tag="008">890130d19321932pauwr ne      0    0eng d</controlfield><datafield ind1=" " ind2=" " tag="010"><subfield code="a">sn 89077044 </subfield></datafield><datafield ind1=" " ind2=" " tag="040"><subfield code="a">NPH</subfield><subfield code="b">eng</subfield><subfield code="c">NPH</subfield><subfield code="d">OCLCQ</subfield></datafield><datafield ind1=" " ind2=" " tag="042"><subfield code="a">msc</subfield></datafield><datafield ind1="0" ind2="0" tag="245"><subfield code="a">Erie Sunday telegram.</subfield></datafield><datafield ind1="3" ind2="0" tag="246"><subfield code="a">Sunday telegram</subfield></datafield><datafield ind1=" " ind2=" " tag="260"><subfield code="a">Erie, Pa. :</subfield><subfield code="b">Erie Morning Telegram, Inc.,</subfield><subfield code="c">1932.</subfield></datafield><datafield ind1=" " ind2=" " tag="300"><subfield code="a">v. :</subfield><subfield code="b">ill.</subfield></datafield><datafield ind1=" " ind2=" " tag="310"><subfield code="a">Weekly</subfield></datafield><datafield ind1="0" ind2=" " tag="362"><subfield code="a">Vol. 1, no. 1 (Mar. 13, 1932)-v. 1, no. 16 (June 26, 1932).</subfield></datafield><datafield ind1=" " ind2=" " tag="500"><subfield code="a">"Erie" appears above masthead ornament.</subfield></datafield><datafield ind1=" " ind2=" " tag="500"><subfield code="a">"Successor to Erie labor news."</subfield></datafield><datafield ind1=" " ind2=" " tag="752"><subfield code="a">United States</subfield><subfield code="b">Pennsylvania</subfield><subfield code="c">Erie</subfield><subfield code="d">Erie.</subfield></datafield><datafield ind1="1" ind2="0" tag="780"><subfield code="t">Erie labor news</subfield></datafield><datafield ind1="1" ind2=" " tag="029"><subfield code="a">AU@</subfield><subfield code="b">000020546417</subfield></datafield></record>